%YAML 1.1
%TAG !u! tag:unity3d.com,2011:
--- !u!1 &112664
GameObject:
  m_ObjectHideFlags: 0
  m_PrefabParentObject: {fileID: 0}
  m_PrefabInternal: {fileID: 100100000}
  serializedVersion: 4
  m_Component:
  - 4: {fileID: 438578}
  - 114: {fileID: 11412682}
  - 114: {fileID: 11470358}
  - 114: {fileID: 11407460}
  - 114: {fileID: 11426344}
  - 114: {fileID: 11424494}
  m_Layer: 0
  m_Name: Bazooka
  m_TagString: Weapon
  m_Icon: {fileID: 0}
  m_NavMeshLayer: 0
  m_StaticEditorFlags: 0
  m_IsActive: 1
--- !u!1 &119942
GameObject:
  m_ObjectHideFlags: 0
  m_PrefabParentObject: {fileID: 0}
  m_PrefabInternal: {fileID: 100100000}
  serializedVersion: 4
  m_Component:
  - 4: {fileID: 439444}
  - 212: {fileID: 21235086}
  m_Layer: 0
  m_Name: Sprite
  m_TagString: Untagged
  m_Icon: {fileID: 0}
  m_NavMeshLayer: 0
  m_StaticEditorFlags: 0
  m_IsActive: 1
--- !u!1 &160118
GameObject:
  m_ObjectHideFlags: 0
  m_PrefabParentObject: {fileID: 0}
  m_PrefabInternal: {fileID: 100100000}
  serializedVersion: 4
  m_Component:
  - 4: {fileID: 499134}
  - 212: {fileID: 21272678}
  m_Layer: 0
  m_Name: ManHand
  m_TagString: Untagged
  m_Icon: {fileID: 0}
  m_NavMeshLayer: 0
  m_StaticEditorFlags: 0
  m_IsActive: 0
--- !u!1 &160344
GameObject:
  m_ObjectHideFlags: 0
  m_PrefabParentObject: {fileID: 0}
  m_PrefabInternal: {fileID: 100100000}
  serializedVersion: 4
  m_Component:
  - 4: {fileID: 468818}
  - 212: {fileID: 21271794}
  m_Layer: 0
  m_Name: WormHand
  m_TagString: Untagged
  m_Icon: {fileID: 0}
  m_NavMeshLayer: 0
  m_StaticEditorFlags: 0
  m_IsActive: 1
--- !u!1 &171496
GameObject:
  m_ObjectHideFlags: 0
  m_PrefabParentObject: {fileID: 0}
  m_PrefabInternal: {fileID: 100100000}
  serializedVersion: 4
  m_Component:
  - 4: {fileID: 469752}
  m_Layer: 0
  m_Name: Spawn
  m_TagString: Untagged
  m_Icon: {fileID: 3936346786652291628, guid: 0000000000000000d000000000000000, type: 0}
  m_NavMeshLayer: 0
  m_StaticEditorFlags: 0
  m_IsActive: 1
--- !u!4 &438578
Transform:
  m_ObjectHideFlags: 1
  m_PrefabParentObject: {fileID: 0}
  m_PrefabInternal: {fileID: 100100000}
  m_GameObject: {fileID: 112664}
  m_LocalRotation: {x: 0, y: 0, z: 0, w: 1}
  m_LocalPosition: {x: 14.477066, y: 4.21081781, z: 0}
  m_LocalScale: {x: 1, y: 1, z: 1}
  m_Children:
  - {fileID: 439444}
  - {fileID: 469752}
  - {fileID: 468818}
  - {fileID: 499134}
  m_Father: {fileID: 0}
  m_RootOrder: 0
--- !u!4 &439444
Transform:
  m_ObjectHideFlags: 1
  m_PrefabParentObject: {fileID: 0}
  m_PrefabInternal: {fileID: 100100000}
  m_GameObject: {fileID: 119942}
  m_LocalRotation: {x: 0, y: 0, z: 0, w: 1}
  m_LocalPosition: {x: -.075000003, y: -.064000003, z: 0}
  m_LocalScale: {x: .600000024, y: .600000024, z: .699999988}
  m_Children: []
  m_Father: {fileID: 438578}
  m_RootOrder: 0
--- !u!4 &468818
Transform:
  m_ObjectHideFlags: 1
  m_PrefabParentObject: {fileID: 0}
  m_PrefabInternal: {fileID: 100100000}
  m_GameObject: {fileID: 160344}
  m_LocalRotation: {x: 0, y: 0, z: .707106829, w: .707106709}
  m_LocalPosition: {x: -.0700000003, y: -.0469999984, z: 0}
  m_LocalScale: {x: 1, y: .800000012, z: 1}
  m_Children: []
  m_Father: {fileID: 438578}
  m_RootOrder: 2
--- !u!4 &469752
Transform:
  m_ObjectHideFlags: 1
  m_PrefabParentObject: {fileID: 0}
  m_PrefabInternal: {fileID: 100100000}
  m_GameObject: {fileID: 171496}
  m_LocalRotation: {x: 0, y: 0, z: 0, w: 1}
  m_LocalPosition: {x: -.368000001, y: .0160000008, z: 0}
  m_LocalScale: {x: 1.66666663, y: 2, z: 2}
  m_Children: []
  m_Father: {fileID: 438578}
  m_RootOrder: 1
--- !u!4 &499134
Transform:
  m_ObjectHideFlags: 1
  m_PrefabParentObject: {fileID: 0}
  m_PrefabInternal: {fileID: 100100000}
  m_GameObject: {fileID: 160118}
  m_LocalRotation: {x: 0, y: 0, z: -.707106829, w: .707106709}
  m_LocalPosition: {x: -.00999999978, y: .0909999982, z: 0}
  m_LocalScale: {x: -.100000001, y: .100000001, z: 1}
  m_Children: []
  m_Father: {fileID: 438578}
  m_RootOrder: 3
--- !u!114 &11407460
MonoBehaviour:
  m_ObjectHideFlags: 1
  m_PrefabParentObject: {fileID: 0}
  m_PrefabInternal: {fileID: 100100000}
  m_GameObject: {fileID: 112664}
  m_Enabled: 1
  m_EditorHideFlags: 0
  m_Script: {fileID: 11500000, guid: 9c325cd815912469da1ab5141fd614f4, type: 3}
  m_Name: 
  m_EditorClassIdentifier: 
  ForceIndicator: {fileID: 100014, guid: 3fb3142b916c24fc5b00a3ec097e8f5b, type: 2}
  AimSprite: {fileID: 21300000, guid: e89a649e365a34f518d90ffdc2fa6433, type: 3}
  ForceAimOffset: {x: -20, y: 2}
  QuickForceIndicator: 0
  MouseClickAim: 0
--- !u!114 &11412682
MonoBehaviour:
  m_ObjectHideFlags: 1
  m_PrefabParentObject: {fileID: 0}
  m_PrefabInternal: {fileID: 100100000}
  m_GameObject: {fileID: 112664}
  m_Enabled: 1
  m_EditorHideFlags: 0
  m_Script: {fileID: 11500000, guid: aa584fbee541324448dd18d8409c7a41, type: 3}
  m_Name: 
  m_EditorClassIdentifier: 
  ownerId: 0
  group: 0
  prefixBackup: -1
  observed: {fileID: 0}
  synchronization: 3
  onSerializeTransformOption: 3
  onSerializeRigidBodyOption: 2
  ownershipTransfer: 0
  ObservedComponents:
  - {fileID: 11470358}
  - {fileID: 11426344}
  ObservedComponentsFoldoutOpen: 1
  viewIdField: 0
  instantiationId: -1
  isRuntimeInstantiated: 0
--- !u!114 &11424494
MonoBehaviour:
  m_ObjectHideFlags: 1
  m_PrefabParentObject: {fileID: 0}
  m_PrefabInternal: {fileID: 100100000}
  m_GameObject: {fileID: 112664}
  m_Enabled: 1
  m_EditorHideFlags: 0
  m_Script: {fileID: 11500000, guid: 3d2ef6b00ab4d41abaa842b4fa160037, type: 3}
  m_Name: 
  m_EditorClassIdentifier: 
  SpawnPosition: {fileID: 469752}
  Projectile: Rocket
  HasDetonationTime: 0
--- !u!114 &11426344
MonoBehaviour:
  m_ObjectHideFlags: 1
  m_PrefabParentObject: {fileID: 0}
  m_PrefabInternal: {fileID: 100100000}
  m_GameObject: {fileID: 112664}
  m_Enabled: 1
  m_EditorHideFlags: 0
  m_Script: {fileID: 11500000, guid: 137e60e108e344b2b91b67e885a84d75, type: 3}
  m_Name: 
  m_EditorClassIdentifier: 
  useMode: 0
  fireMode: 0
  chargeUp: 1
  reloadTime: .5
  recoil: 450
  IWeaponScript: {fileID: 11424494}
  networkFire: 0
  HideSpriteOnReload: 0
  WeaponSprite: {fileID: 0}
  GubbeOffset: {x: 0, y: .300000012}
  TimeToFire: 0
--- !u!114 &11470358
MonoBehaviour:
  m_ObjectHideFlags: 1
  m_PrefabParentObject: {fileID: 0}
  m_PrefabInternal: {fileID: 100100000}
  m_GameObject: {fileID: 112664}
  m_Enabled: 1
  m_EditorHideFlags: 0
  m_Script: {fileID: 11500000, guid: 0e8ce197c4e4b474ea4e30b918c3efe6, type: 3}
  m_Name: 
  m_EditorClassIdentifier: 
--- !u!212 &21235086
SpriteRenderer:
  m_ObjectHideFlags: 1
  m_PrefabParentObject: {fileID: 0}
  m_PrefabInternal: {fileID: 100100000}
  m_GameObject: {fileID: 119942}
  m_Enabled: 1
  m_CastShadows: 0
  m_ReceiveShadows: 0
  m_Materials:
  - {fileID: 10754, guid: 0000000000000000e000000000000000, type: 0}
  m_SubsetIndices: 
  m_StaticBatchRoot: {fileID: 0}
  m_UseLightProbes: 1
  m_ReflectionProbeUsage: 1
  m_ProbeAnchor: {fileID: 0}
  m_ScaleInLightmap: 1
  m_PreserveUVs: 0
  m_ImportantGI: 0
  m_AutoUVMaxDistance: .5
  m_AutoUVMaxAngle: 89
  m_LightmapParameters: {fileID: 0}
  m_SortingLayerID: -1670122301
  m_SortingOrder: 3
  m_Sprite: {fileID: 21300050, guid: 8d15378fb036c4dc8ab8dca44785ad3e, type: 3}
  m_Color: {r: 1, g: 1, b: 1, a: 1}
--- !u!212 &21271794
SpriteRenderer:
  m_ObjectHideFlags: 1
  m_PrefabParentObject: {fileID: 0}
  m_PrefabInternal: {fileID: 100100000}
  m_GameObject: {fileID: 160344}
  m_Enabled: 1
  m_CastShadows: 0
  m_ReceiveShadows: 0
  m_Materials:
  - {fileID: 10754, guid: 0000000000000000e000000000000000, type: 0}
  m_SubsetIndices: 
  m_StaticBatchRoot: {fileID: 0}
  m_UseLightProbes: 1
  m_ReflectionProbeUsage: 1
  m_ProbeAnchor: {fileID: 0}
  m_ScaleInLightmap: 1
  m_PreserveUVs: 0
  m_ImportantGI: 0
  m_AutoUVMaxDistance: .5
  m_AutoUVMaxAngle: 89
  m_LightmapParameters: {fileID: 0}
  m_SortingLayerID: -1670122301
  m_SortingOrder: 8
  m_Sprite: {fileID: 21300042, guid: 8d15378fb036c4dc8ab8dca44785ad3e, type: 3}
  m_Color: {r: 1, g: 1, b: 1, a: 1}
--- !u!212 &21272678
SpriteRenderer:
  m_ObjectHideFlags: 1
  m_PrefabParentObject: {fileID: 0}
  m_PrefabInternal: {fileID: 100100000}
  m_GameObject: {fileID: 160118}
  m_Enabled: 1
  m_CastShadows: 0
  m_ReceiveShadows: 0
  m_Materials:
  - {fileID: 10754, guid: 0000000000000000e000000000000000, type: 0}
  m_SubsetIndices: 
  m_StaticBatchRoot: {fileID: 0}
  m_UseLightProbes: 1
  m_ReflectionProbeUsage: 1
  m_ProbeAnchor: {fileID: 0}
  m_ScaleInLightmap: 1
  m_PreserveUVs: 0
  m_ImportantGI: 0
  m_AutoUVMaxDistance: .5
  m_AutoUVMaxAngle: 89
  m_LightmapParameters: {fileID: 0}
  m_SortingLayerID: 0
  m_SortingOrder: 0
  m_Sprite: {fileID: 21300000, guid: ee73d488ccc73d84f9c850b56e0943d3, type: 3}
  m_Color: {r: 1, g: 1, b: 1, a: 1}
--- !u!1001 &100100000
Prefab:
  m_ObjectHideFlags: 1
  serializedVersion: 2
  m_Modification:
    m_TransformParent: {fileID: 0}
    m_Modifications: []
    m_RemovedComponents: []
  m_ParentPrefab: {fileID: 0}
  m_RootGameObject: {fileID: 112664}
  m_IsPrefabParent: 1
